@book{goodfellow2016deep,
  title={Deep Learning},
  author={Goodfellow, Ian and Bengio, Yoshua and Courville, Aaron},
  year={2016},
  publisher={MIT Press}
}

@book{strang2022introduction,
  title={Introduction to linear algebra},
  author={Strang, Gilbert},
  year={2022},
  publisher={SIAM}
}

@book{lay2003linear,
  title={Linear algebra and its applications},
  author={Lay, David C},
  year={2003},
  publisher={Pearson Education India}
}

